<record><leader>00000cas a22000007a 4500</leader><controlfield tag="001">40253906</controlfield><controlfield tag="008">981106c19989999ksucr n       0   a0eng c</controlfield><datafield ind1=" " ind2=" " tag="010"><subfield code="a">sn 98002609 </subfield></datafield><datafield ind1=" " ind2=" " tag="040"><subfield code="a">NSD</subfield><subfield code="b">eng</subfield><subfield code="c">NSD</subfield><subfield code="d">OCLCQ</subfield></datafield><datafield ind1=" " ind2=" " tag="012"><subfield code="m">0</subfield></datafield><datafield ind1="1" ind2=" " tag="022"><subfield code="a">1522-5607</subfield><subfield code="l">1522-5607</subfield><subfield code="2">1</subfield></datafield><datafield ind1=" " ind2=" " tag="042"><subfield code="a">nsdp</subfield><subfield code="a">pcc</subfield></datafield><datafield ind1="0" ind2=" " tag="130"><subfield code="a">Baxter Springs news (Baxter Springs, Kan. : 1998)</subfield></datafield><datafield ind1=" " ind2="0" tag="222"><subfield code="a">Baxter Springs news</subfield><subfield code="b">(Baxter Springs, Kan. 1998)</subfield></datafield><datafield ind1="1" ind2="0" tag="245"><subfield code="a">Baxter Springs news.</subfield></datafield><datafield ind1=" " ind2=" " tag="260"><subfield code="a">Baxter Springs, Kan. :</subfield><subfield code="b">H &amp; R Publications</subfield></datafield><datafield ind1=" " ind2=" " tag="300"><subfield code="a">v.</subfield></datafield><datafield ind1=" " ind2=" " tag="310"><subfield code="a">Semiweekly</subfield></datafield><datafield ind1="1" ind2=" " tag="362"><subfield code="a">Began in 1998.</subfield></datafield><datafield ind1=" " ind2=" " tag="588"><subfield code="a">Description based on: Vol. 1, no. 12 (Oct. 1998).</subfield></datafield><datafield ind1=" " ind2=" " tag="752"><subfield code="a">United States</subfield><subfield code="b">Kansas</subfield><subfield code="c">Cherokee</subfield><subfield code="d">Baxter Springs.</subfield></datafield></record>